<record><leader>00000cas a2200000 a 4500</leader><controlfield tag="001">17157822</controlfield><controlfield tag="008">871201d19491950waucr ne      0    0eng d</controlfield><datafield ind1=" " ind2=" " tag="010"><subfield code="a">sn 87093156 </subfield></datafield><datafield ind1=" " ind2=" " tag="040"><subfield code="a">SLZ</subfield><subfield code="b">eng</subfield><subfield code="c">SLZ</subfield><subfield code="d">OCL</subfield><subfield code="d">OCLCQ</subfield><subfield code="d">OCLCF</subfield><subfield code="d">OCLCO</subfield></datafield><datafield ind1="1" ind2=" " tag="029"><subfield code="a">AU@</subfield><subfield code="b">000022177096</subfield></datafield><datafield ind1=" " ind2=" " tag="042"><subfield code="a">msc</subfield></datafield><datafield ind1=" " ind2=" " tag="043"><subfield code="a">n-us-wa</subfield></datafield><datafield ind1="0" ind2=" " tag="130"><subfield code="a">Pasco news (Pasco, Wash. : 1949)</subfield></datafield><datafield ind1="1" ind2="4" tag="245"><subfield code="a">The Pasco news.</subfield></datafield><datafield ind1="1" ind2="3" tag="246"><subfield code="a">News</subfield><subfield code="f">Dec. 13, 1949 - Mar. 7, 1959</subfield></datafield><datafield ind1=" " ind2=" " tag="260"><subfield code="a">[Pasco, Wash. :</subfield><subfield code="b">Columbia Basin Publishers]</subfield></datafield><datafield ind1=" " ind2=" " tag="300"><subfield code="a">1 v.</subfield></datafield><datafield ind1=" " ind2=" " tag="310"><subfield code="a">Semiweekly (Tuesday and Friday)</subfield></datafield><datafield ind1=" " ind2=" " tag="321"><subfield code="a">Weekly</subfield></datafield><datafield ind1="0" ind2=" " tag="362"><subfield code="a">Vol. 1, no. 1 (Sept. 2, 1949)-v. 1, no. 46 (Mar. 7, 1950).</subfield></datafield><datafield ind1=" " ind2="0" tag="651"><subfield code="a">Pasco (Wash.)</subfield><subfield code="v">Newspapers.</subfield></datafield><datafield ind1=" " ind2="7" tag="655"><subfield code="a">Newspapers.</subfield><subfield code="2">fast</subfield><subfield code="0">(OCoLC)fst01423814</subfield></datafield><datafield ind1=" " ind2="7" tag="651"><subfield code="a">Washington (State)</subfield><subfield code="z">Pasco.</subfield><subfield code="2">fast</subfield><subfield code="0">(OCoLC)fst01222760</subfield></datafield><datafield ind1=" " ind2=" " tag="752"><subfield code="a">United States</subfield><subfield code="b">Washington</subfield><subfield code="c">Franklin</subfield><subfield code="d">Pasco.</subfield></datafield><datafield ind1="0" ind2="7" tag="785"><subfield code="t">Richland villager</subfield><subfield code="w">(DLC)sn 86071981</subfield></datafield><datafield ind1="0" ind2="7" tag="785"><subfield code="t">Columbia Basin news</subfield><subfield code="w">(DLC)sn 87093167</subfield></datafield></record>